<record><leader>00000cas a22000007a 4500</leader><controlfield tag="001">13868679</controlfield><controlfield tag="008">860715d1uuu190utxuwr ne      0    0eng d</controlfield><datafield ind1=" " ind2=" " tag="010"><subfield code="a">sn 86088221 </subfield></datafield><datafield ind1=" " ind2=" " tag="040"><subfield code="a">PPM</subfield><subfield code="b">eng</subfield><subfield code="c">PPM</subfield><subfield code="d">IXA</subfield><subfield code="d">PPM</subfield><subfield code="d">OCLCQ</subfield></datafield><datafield ind1=" " ind2=" " tag="042"><subfield code="a">msc</subfield></datafield><datafield ind1="0" ind2=" " tag="130"><subfield code="a">Western news (Anson, Tex.)</subfield></datafield><datafield ind1="1" ind2="4" tag="245"><subfield code="a">The western news.</subfield></datafield><datafield ind1=" " ind2=" " tag="260"><subfield code="a">Anson, Tex. :</subfield><subfield code="b">Dan M. Jones</subfield></datafield><datafield ind1=" " ind2=" " tag="300"><subfield code="a">v.</subfield></datafield><datafield ind1=" " ind2=" " tag="310"><subfield code="a">Weekly</subfield></datafield><datafield ind1=" " ind2=" " tag="588"><subfield code="a">Description based on: Vol. 18, no. 52 (Feb. 2, 1900).</subfield></datafield><datafield ind1=" " ind2=" " tag="752"><subfield code="a">United States</subfield><subfield code="b">Texas</subfield><subfield code="c">Jones</subfield><subfield code="d">Anson.</subfield></datafield><datafield ind1="0" ind2="0" tag="780"><subfield code="t">Texas western and the Jones County Calliope</subfield><subfield code="w">(DLC)sn 88083594</subfield></datafield><datafield ind1="0" ind2="0" tag="785"><subfield code="t">Western-reporter</subfield><subfield code="w">(DLC)sn 86088219</subfield></datafield></record>